@misc{CI,
 author = {Richard Zhang, Phillip Isola, Alexei A. Efros},
 title = {Colorful Image Colorization},
 note = {In European Conference on Computer Vision},
 year = 2016
}

@misc{GAN,
 author = {Geon-Yeong Kim},
 title = {BigColor: Colorization
using a Generative Color Prior for Natural Images},
 note = {In European Conference on
Computer Vision
},
 year = 2022
}

@misc{GAN1,
 author = {Patricia Vitoria , Lara Raad , Coloma Ballester},
 title = {ChromaGAN: Adversarial
Picture Colorization with Semantic Class Distribution},
 note = {2020 IEEE Winter Conference
on Applications of Computer Vision
},
 year = 2019,
pages = {2434--2443}
}

@misc{ReferencePaper,
 author = {Nir Zabari, Aharon Azulay, Alexey Gorkor},
 title = {Diffusing Colors: Image Colorization with Text Guided Diffusion},
 year = 2023
}

@misc{DDM,
 author = {Jonathan Ho, Ajay Jain, Pieter Abbeel},
 title = {Denoising Diffusion Probabilistic Models},
 year = 2020
}

@misc{Levin,
 author = {Anat Levin, Dani Lischinski, Yair Weiss},
 title = {Colorization using optimization},
 year = 2004
}

@misc{UGColor,
 author = {Richard Zhang, Jun-Yan Zhu, Phillip Isola},
 title = {Real-time user-guided image colorization with learned
deep priors},
 year = 2017,
 journal = {ACM Transactions on Graphics (TOG)},
 volume = 36,  
 pages = {1--11}, 
 year = 2017
}

@misc{ImageNet,
 author = {Olga Russakovsky, Jia Deng, Hao Su},
 title = {ImageNet Large Scale Visual Recognition Challenge},
 year = 2015,
}

Olga Russakovsky* · Jia Deng* · Hao Su · Jonathan Krause ·
Sanjeev Satheesh · Sean Ma · Zhiheng Huang · Andrej Karpathy ·
Aditya Khosla · Michael Bernstein · Alexander C. Berg · Li Fei-Fei


@misc{LoRA,
 author = {Edward Hu, Yelong Shen,Phillip Wallis},
 title = {LORA: LOW-RANK ADAPTATION OF LARGE LANGUAGE MODELS},
 year = 2021
}


@misc{Cold,
 author = {Arpit Bansal, Eitan Borgnia, Hong-Min Chu},
 title = {Cold Diffusion: Inverting Arbitrary Image
Transforms Without Noise},
 year = 2022
}
Arpit Bansal, Eitan Borgnia, Hong-Min Chu, Jie Li, Hamideh Kazemi, Furong Huang,
Micah Goldblum, Jonas Geiping, and Tom Goldstein. 2022. Cold Diffusion: Inverting
Arbitrary Image Transforms Without Noise. ArXiv abs/2208.09392 (2022).


@misc{ControlNet,
 author = {Lvmin Zhang, Anyi Rao, Maneesh Agrawala
Stanford University},
 title = {Adding Conditional Control to Text-to-Image Diffusion Models},
 year = 2023
}

@misc{LIPS,
 author = {Richard Zhang, Phillip Isola, Alexei A. Efros},
 title = {The Unreasonable Effectiveness of Deep Features as a Perceptual Metric},
 year = 2018
}

Richard Zhang, Phillip Isola, Alexei A. Efros, Eli Shechtman3 Oliver Wang3


@misc{Ballester,
 author = {Coloma Ballester, Aurélie Bugeau, Hernan Carrillo},
 title = {Analysis of Different Losses for Deep Learning
Image Colorization},
  year = 2022
}

@misc{Rombach,
 author = {Robin Rombach1, Andreas Blattmann1, Dominik Lorenz},
 title = {High-Resolution Image Synthesis with Latent Diffusion Models},
  year = 2022
}


@misc{Authors14b,
 author = {Authors},
 title = {Frobnication tutorial},
 note = {Supplied as additional material {\tt tr.pdf}},
 year = 2014
}

@article{Alpher02,
author = {FirstName Alpher},
title = {Frobnication},
journal = {Journal of Foo},
volume = 12, 
number = 1, 
pages = {234--778}, 
year = 2002
}

@article{Alpher03,
author = {FirstName Alpher and  FirstName Fotheringham-Smythe},
title = {Frobnication revisited},
journal = {Journal of Foo},
volume = 13, 
number = 1, 
pages = {234--778}, 
year = 2003
}

@article{Alpher04,
author = {FirstName Alpher and FirstName Fotheringham-Smythe and FirstName Gamow},
title = {Can a machine frobnicate?},
journal = {Journal of Foo},
volume = 14, 
number = 1, 
pages = {234--778}, 
year = 2004
}
